<?xml version="1.0" encoding="UTF-8"?><collection xmlns="http://www.loc.gov/MARC21/slim"><record><leader>00510nam--2200193-u-4500</leader><controlfield tag="001">000052728</controlfield><controlfield tag="002">20161230</controlfield><controlfield tag="005">20161230201050</controlfield><controlfield tag="008">101007s1000------------r-----000-0-rus-d</controlfield><datafield ind1=" " ind2=" " tag="040"><subfield code="a">IFIN-HH</subfield></datafield><datafield ind1=" " ind2=" " tag="041"><subfield code="a">rus</subfield></datafield><datafield ind1=" " ind2=" " tag="080"><subfield code="a">534</subfield></datafield><datafield ind1="1" ind2=" " tag="100"><subfield code="a">Beranek, Leo L</subfield></datafield><datafield ind1="1" ind2="0" tag="245"><subfield code="a">Akusticeskie izmereniia</subfield><subfield code="c">Leo L. Beranek</subfield></datafield><datafield ind1=" " ind2=" " tag="260"><subfield code="a">Moskva</subfield><subfield code="b">Inostrannoi literaturi</subfield><subfield code="c">1952</subfield></datafield><datafield ind1=" " ind2=" " tag="300"><subfield code="a">626 p</subfield></datafield><datafield ind1=" " ind2=" " tag="500"><subfield code="a">Titlul original in lb. engleza: Acoustic Measurements</subfield></datafield><datafield ind1=" " ind2=" " tag="852"><subfield code="a">25009</subfield><subfield code="c">534</subfield></datafield><datafield ind1=" " ind2=" " tag="CAT"><subfield code="a">Sys</subfield><subfield code="c">20101007</subfield><subfield code="h">122916</subfield></datafield></record></collection>